@Manual{cv_iv_manual,
  title = {Measurements of electrical properties (current-voltage and capacitance-voltage) of irradiated and non-irradiated silicon detectors},
  url = {https://indico.nbi.ku.dk/getFile.py/access?contribId=0&resId=4&materialId=slides&confId=758},
  OPTkey = 	 {},
  OPTauthor = 	 {},
  OPTorganization = {},
  OPTaddress = 	 {},
  OPTedition = 	 {},
  OPTmonth = 	 {},
  year = 	 {2015},
  OPTnote = 	 {},
  OPTannote = 	 {}
}
